@book{Ed1976teoria,
  title={Teoria elementar dos conjuntos},
  author={Edgard de Alencar Filho},
  year={1976},
  publisher={Nobel}
  }
@book{gugu2022aprox,
  title={Introdução à Teoria dos Números(com ênfase em Aproximações Diofantinas)},
  author={Carlos Gustavo A. T. de Araújo},
  year={2022},
  publisher={IMPA}
 % booktitle={26 Col{\'o}quio Brasileiro de Matem{\'a}tica}
}
